@ARTICLE{1929PNAS...15..168H,
  author =	 {Hubble, Edwin},
  title =	 {A Relation between Distance and Radial Velocity among
                  Extra-Galactic Nebulae},
  journal =	 {Proceedings of the National Academy of Science},
  year =	 1929,
  month =	 mar,
  volume =	 15,
  pages =	 {168-173},
  doi =		 {10.1073/pnas.15.3.168},
}

@ARTICLE{1965ApJ...142..419P,
  author =	 {Penzias, Arno~Allan and Wilson, Robert~Woodrow},
  title =	 {A Measurement of Excess Antenna Temperature at 4080 Mc/s.},
  journal =	 {The Astrophysical Journal},
  keywords =	 {Microwave Background, Cosmic Background Radiation},
  year =	 1965,
  month =	 jul,
  volume =	 142,
  pages =	 {419-421},
  doi =		 {10.1086/148307},
}

@ARTICLE{1966PhRvL..16..748G,
  author =	 {Greisen, Kenneth},
  title =	 {End to the Cosmic-Ray Spectrum?},
  journal =	 {Physical Review Letters},
  year =	 1966,
  month =	 apr,
  volume =	 16,
  pages =	 {748-750},
  doi =		 {10.1103/PhysRevLett.16.748},
}

@ARTICLE{1966JETPL...4...78Z,
  author =	 {Zatsepin, G.~T. and Kuz'min, V.~A.},
  title =	 {Upper Limit of the Spectrum of Cosmic Rays},
  journal =	 {Soviet Journal of Experimental and Theoretical Physics
                  Letters},
  year =	 1966,
  month =	 aug,
  volume =	 4,
  pages =	 78,
}

@ARTICLE{1970ApJ...159..379R,
  author =	 {Rubin, Vera~C. and Ford, Jr., W.~Kent},
  title =	 {Rotation of the Andromeda Nebula from a Spectroscopic Survey
                  of Emission Regions},
  journal =	 {The Astrophysical Journal},
  year =	 1970,
  month =	 feb,
  volume =	 159,
  pages =	 379,
  doi =		 {10.1086/150317},
}

@ARTICLE{1998AJ....116.1009R,
  author =	 {Riess, Adam~G. and Filippenko, Alexei~V. and Challis, Peter
                  and Clocchiatti, Alejandro and Diercks, Alan and Garnavich,
                  Peter~M. and Gilliland, Ron~L. and Hogan, C.~J. and {Jha},
                  S. and {Kirshner}, R.~P. and {Leibundgut}, B. and {Phillips},
                  M.~M. and {Reiss}, D. and {Schmidt}, B.~P. and {Schommer},
                  R.~A. and {Smith}, R.~C. and {Spyromilio}, J. and {Stubbs},
                  C. and {Suntzeff}, N.~B. and {Tonry}, J.},
  title =	 "{Observational Evidence from Supernovae for an Accelerating
                  Universe and a Cosmological Constant}",
  journal =	 {The Astronomical Journal},
  eprinttype =	 "arXiv",
  eprint =	 {astro-ph/9805201},
  year =	 1998,
  month =	 sep,
  volume =	 116,
  pages =	 {1009-1038},
  doi =		 {10.1086/300499},
}

@ARTICLE{1999ApJ...517..565P,
  author =	 {{Perlmutter}, S. and {Aldering}, G. and {Goldhaber}, G. and
                  {Knop}, R.~A. and {Nugent}, P. and {Castro}, P.~G. and
                  {Deustua}, S. and {Fabbro}, S. and {Goobar}, A. and {Groom},
                  D.~E. and {Hook}, I.~M. and {Kim}, A.~G. and {Kim}, M.~Y. and
                  {Lee}, J.~C. and {Nunes}, N.~J. and {Pain}, R. and
                  {Pennypacker}, C.~R. and {Quimby}, R. and {Lidman}, C. and
                  {Ellis}, R.~S. and {Irwin}, M. and {McMahon}, R.~G. and
                  {Ruiz-Lapuente}, P. and {Walton}, N. and {Schaefer}, B. and
                  {Boyle}, B.~J. and {Filippenko}, A.~V. and {Matheson}, T. and
                  {Fruchter}, A.~S. and {Panagia}, N. and {Newberg},
                  H.~J.~M. and {Couch}, W.~J. and {Supernova Cosmology Project}},
  title =	 {Measurements of Omega and Lambda from 42 High-Redshift
                  Supernovae},
  journal =	 {The Astrophysical Journal},
  eprinttype =	 "arXiv",
  eprint =	 {astro-ph/9812133},
  year =	 1999,
  month =	 jun,
  volume =	 517,
  pages =	 {565-586},
  doi =		 {10.1086/307221},
}

@Book{adler:relativity,
  author =	 {Adler, Ronald J. and Bazin, Maurice and Schiffer, Menahem},
  title =	 {Introduction to general relativity},
  publisher =	 {McGraw-Hill},
  year =	 1975,
}

@Book{barone:relativita,
  author =	 {Barone, Vincenzo},
  title =	 {Relatività: princìpi e applicazioni},
  publisher =	 {Bollati Boringhieri},
  year =	 2004,
  location =	 {Torino},
  note =	 {Ricco libro sulla relatività speciale con un breve
                  introduzione alla teoria della relatività generale.},
}

@Book{ciufolini:gravitation,
  author =	 {Ciufolini, Ignazio and Wheeler, John Archibald},
  title =	 {Gravitation and Inertia},
  publisher =	 {Princeton University Press},
  series =	 {Princeton Series in Physics},
  year =	 1995,
}

@Book{landau:campi,
  author =	 {Landau, Lev Davidovič and Lifšits, Evgenij Mikhailovič},
  title =	 {Teoria dei campi},
  publisher =	 {Editori Riuniti university press},
  year =	 2010,
  series =	 {Fisica teorica},
  volume =	 2,
  location =	 {Roma},
}

@book{misner:gravitation,
  author =	 {Misner, Charles~W. and Thorne, Kip Stephen and Wheeler, John
                  Archibald},
  title =	 {Gravitation},
  series =	 {Physics Series},
  year =	 1973,
  publisher =	 {W. H. Freeman}
}

@Book{ohanian:gravitazione,
  author =	 {Ohanian, Hans C. and Ruffini, Remo},
  title =	 {Gravitazione e spazio-tempo},
  publisher =	 {Zanichelli},
  location =	 {Bologna},
  year =	 1997,
}

@book{shapiro:black-holes,
  title =	 {Black Holes, White Dwarfs and Neutron Stars: The Physics of
                  Compact Objects},
  author =	 {Shapiro, Stuart~L. and Teukolsky, Saul~A.},
  year =	 1983,
  publisher =	 {John Wiley \& Sons}
}

@Book{weinberg:gravitation,
  author =	 {Weinberg, Steven},
  title =	 {Gravitation and cosmology: principles and applications of the
                  general theory of relativity},
  publisher =	 {Wiley},
  year =	 1972,
  note =	 {Testo di riferimento per i presenti appunti.}
}
